<?xml version="1.0" encoding="UTF-8"?><collection xmlns="http://www.loc.gov/MARC21/slim"><record><leader>00414nam--2200121-i-4500</leader><controlfield tag="001">000027521</controlfield><controlfield tag="002">20161230</controlfield><controlfield tag="005">20161230201036</controlfield><controlfield tag="008">060222s1000------------r-----000-0-eng-d</controlfield><datafield ind1=" " ind2=" " tag="245"><subfield code="a">General principles of monitoring for radiation protection of workers. a report by commitee iv the icrp. adopted by the commission on may 1968, 1969</subfield></datafield><datafield ind1=" " ind2=" " tag="260"><subfield code="a">Oxford, Pergamon Press, 1969</subfield></datafield><datafield ind1=" " ind2=" " tag="490"><subfield code="a">Icrp Publications</subfield></datafield><datafield ind1=" " ind2=" " tag="852"><subfield code="a">14285</subfield></datafield></record></collection>